@inproceedings{bib:EMBC09:Georga,
  title={Data mining for blood glucose prediction and knowledge discovery in diabetic patients: The METABO diabetes modeling and management system},
  author={Georga, Eleni and Protopappas, Vasilios and Guillen, Alejandra and Fico, Giuseppe and Ardigo, Diego and Arredondo, Maria Teresa and Exarchos, Themis P and Polyzos, Demosthenes and Fotiadis, Dimitrios I},
  booktitle={Proceedings of IEEE Annual International Conference of the Engineering in Medicine and Biology Society},
  pages={5633--5636},
  year={2009},
}

@inproceedings{bib:EMBC12:Nguyen,
  title={Identification of hypoglycemia and hyperglycemia in type 1 diabetic patients using ECG parameters},
  author={Nguyen, Linh Lan and Su, Steven and Nguyen, Hung T},
  booktitle={Proceedings of IEEE Annual International Conference of the Engineering in Medicine and Biology Society},
  pages={2716--2719},
  year={2012},
}

@inproceedings{bib:EMBC16:Reymann,
  title={Blood glucose level prediction based on support vector regression using mobile platforms},
  author={Reymann, Maximilian P and Dorschky, Eva and Groh, Benjamin H and Martindale, Christine and Blank, Peter and Eskofier, Bjoern M},
  booktitle={Proceedings of IEEE Annual International Conference of the Engineering in Medicine and Biology Society},
  pages={2990--2993},
  year={2016},
}

@inproceedings{bib:ICMLA13:Bunescu,
  title={Blood glucose level prediction using physiological models and support vector regression},
  author={Bunescu, Razvan and Struble, Nigel and Marling, Cindy and Shubrook, Jay and Schwartz, Frank},
  booktitle={Proceedings of IEEE International Conference on Machine Learning and Applications},
  volume={1},
  pages={135--140},
  year={2013},
}

@inproceedings{bib:KDHealth16:Marling,
  title={Machine Learning Experiments with Noninvasive Sensors for Hypoglycemia Detection},
  author={Marling, Cindy and Xia, Lijie and Bunescu, Razvan and Schwartz, Frank},
  booktitle={Proceedings of IJCAI Workshop on Knowledge Discovery in Healthcare Data},
  year = {2016},
}

@inproceedings{bib:MAIHA14:Plis,
  title={A Machine Learning Approach to Predicting Blood Glucose Levels for Diabetes Management},
  author={Plis, Kevin and Bunescu, Razvan and Marling, Cindy and Shubrook, Jay and Schwartz, Frank},
  booktitle={Proceedings of AAAI Workshop on Modern Artificial Intelligence for Health Analytics},
  year={2014},
}

@inproceedings{bib:SEMPER16:Ranvier,
  title={Detection of hypoglycemic events through wearable sensors},
  author={Ranvier, Jean-Eudes and Dubosson, Fabien and Calbimonte, Jean-Paul and Aberer, Karl},
  booktitle={Proceedings of the International Workshop on Semantic Web Technologies for Mobile and PErvasive Environments},
  year={2016},
}

@article{bib:AIM12:Marling,
  title={Emerging applications for intelligent diabetes management},
  author={Marling, Cindy and Wiley, Matthew and Bunescu, Razvan and Shubrook, Jay and Schwartz, Frank},
  journal={AI Magazine},
  volume={33},
  number={2},
  pages={67},
  year={2012},
}

@article{bib:AJM91:DCCT,
  title={Epidemiology of severe hypoglycemia in the Diabetes Control and Complications Trial},
  author={DCCT Research Group and others},
  journal={The American Journal of Medicine},
  volume={90},
  number={4},
  pages={450--459},
  year={1991},
  publisher={Elsevier}
}

@article{bib:CR08:Wang,
  title={Electrochemical glucose biosensors},
  author={Wang, Joseph},
  journal={Chemical Reviews},
  volume={108},
  number={2},
  pages={814--825},
  year={2008},
  publisher={ACS Publications},
}

@article{bib:DC95:Klein,
  title={Hyperglycemia and microvascular and macrovascular disease in diabetes.},
  author={Klein, Ronald},
  journal={Diabetes Care},
  volume={18},
  number={2},
  pages={258--268},
  year={1995},
}

@article{bib:DRCP15:Iwasaki,
  author = {Shingo Iwasaki and Junji Kozawa and Kenji Fukui and Hiromi Iwahashi and Akihisa Imagawa and Iichiro Shimomura},
  title = {Coefficient of variation of R-R interval closely correlates with glycemic variability assessed by continuous glucose monitoring in insulin-depleted patients with type 1 diabetes},
  journal = {Diabetes Research and Clinical Practice},
  volume = {109},
  number = {2},
  pages = {397--403},
  year = {2015},
}

@article{bib:ICTE16:Li,
  title={Smartphone-based personalized blood glucose prediction},
  author={Li, Juan and Fernando, Chandima},
  journal={ICT Express},
  volume={2},
  number={4},
  pages={150--154},
  year={2016},
  publisher={Elsevier},
}

@article{bib:IJNMBE16:Oviedo,
  title={A review of personalized blood glucose prediction strategies for T1DM patients},
  author={Oviedo, Silvia and Veh{\'\i}, Josep and Calm, Remei and Armengol, Joaquim},
  journal={International Journal for Numerical Methods in Biomedical Engineering},
  year={2016},
  publisher={Wiley Online Library}
}

@article{bib:JCEM13:Eckert,
  title={Non-diabetic hypoglycemia},
  author={Eckert-Norton, Margaret and Kirk, Susan},
  journal={The Journal of Clinical Endocrinology \& Metabolism},
  volume={98},
  number={10},
  pages={39A--40A},
  year={2013},
  publisher={Endocrine Society Chevy Chase, MD},
}

@article{bib:JDST10:Vaddiraju,
  title={Technologies for continuous glucose monitoring: current problems and future promises},
  author={Vaddiraju, Santhisagar and Burgess, Diane J and Tomazos, Ioannis and Jain, Faquir C and Papadimitrakopoulos, Fotios},
  journal={Journal of Diabetes Science and Technology},
  volume={4},
  number={6},
  pages={1540--1562},
  year={2010},
  publisher={SAGE Publications},
}

@article{bib:JDST14:Sobel,
  title={Accuracy of a novel noninvasive multisensor technology to estimate glucose in diabetic subjects during dynamic conditions},
  author={Sobel, Sandra I and Chomentowski, Peter J and Vyas, Nisarg and Andre, David and Toledo, Frederico GS},
  journal={Journal of Diabetes Science and Technology},
  volume={8},
  number={1},
  pages={54--63},
  year={2014},
  publisher={SAGE Publications}
}

@article{bib:MEP08:Do,
  title={Current development in non-invasive glucose monitoring},
  author={do Amaral, Carlos Eduardo Ferrante and Wolf, Benhard},
  journal={Medical engineering \& physics},
  volume={30},
  number={5},
  pages={541--549},
  year={2008},
  publisher={Elsevier},
}

@article{bib:NEJM82:Felig,
  title={Hypoglycemia during prolonged exercise in normal men},
  author={Felig, Philip and Cherif, Ali and Minagawa, Akira and Wahren, John},
  journal={New England Journal of Medicine},
  volume={306},
  number={15},
  pages={895--900},
  year={1982},
  publisher={Mass Medical Society},
}

@article{bib:PE04:Hovorka,
  title={Nonlinear model predictive control of glucose concentration in subjects with type 1 diabetes},
  author={Hovorka, Roman and Canonico, Valentina and Chassin, Ludovic J and Haueter, Ulrich and Massi-Benedetti, Massimo and Federici, Marco Orsini and Pieber, Thomas R and Schaller, Helga C and Schaupp, Lukas and Vering, Thomas and others},
  journal={Physiological Measurement},
  volume={25},
  number={4},
  pages={905},
  year={2004},
  publisher={IOP Publishing}
}

@article{bib:TBE07:Dalla,
  title={Meal simulation model of the glucose-insulin system},
  author={Dalla Man, Chiara and Rizza, Robert A and Cobelli, Claudio},
  journal={Transactions on Biomedical Engineering},
  volume={54},
  number={10},
  pages={1740--1749},
  year={2007},
  publisher={IEEE},
}

@misc{bib:IDF15,
  author = {International Diabetes Federation},
  title = {IDF Diabetes Atlas. 7th ed.},
  year = {2015},
  note = {\url{http://www.diabetesatlas.org/}},
}

@misc{bib:BGWiKi,
author = {Wikipedia},
  title={Blood sugar},
  year = {2017},
  note = {\url{https://en.wikipedia.org/wiki/Blood_sugar}},
}

%---------------------------------------------------------------------------------------------------------------------------------------------
@article{trinder2001autonomic,
  title={Autonomic activity during human sleep as a function of time and sleep stage},
  author={Trinder, John and Kleiman, Jan and Carrington, Melinda and Smith, Simon and Breen, Sibilah and Tan, Nellie and Kim, Young},
  journal={Journal of sleep research},
  volume={10},
  number={4},
  pages={253--264},
  year={2001},
  publisher={Wiley Online Library}
}

@article{webb1970sleep,
  title={Sleep stage characteristics of long and short sleepers.},
  author={Webb, WB and Agnew, HW},
  journal={Science},
  year={1970},
  publisher={American Assn for the Advancement of Science}
}


@misc{van1987blood,
  title={Blood glucose monitor},
  author={Van Heuvelen, Alan},
  year={1987},
  month=nov # "~3",
  publisher={Google Patents},
  note={US Patent 4,704,029}
}

@article{williams1970electrochemical,
  title={Electrochemical-enzymatic analysis of blood glucose and lactate},
  author={Williams, David Lloyd and Doig Jr, Alfred R and Korosi, Alexander},
  journal={Analytical Chemistry},
  volume={42},
  number={1},
  pages={118--121},
  year={1970},
  publisher={ACS Publications}
}


@article{yang2014sherlock,
  title={Sherlock: Micro-environment Sensing for Smartphones},
  author={Yang, Zheng and Shangguan, Longfei and Gu, Weixi and Zhou, Zimu and Wu, Chenshu and Liu, Yunhao},
  year={2014},
  publisher={IEEE}
}

@article{yang2014sherlock,
  title={Sherlock: Micro-environment Sensing for Smartphones},
  author={Yang, Zheng and Shangguan, Longfei and Gu, Weixi and Zhou, Zimu and Wu, Chenshu and Liu, Yunhao},
  year={2014},
  publisher={IEEE}
}


@article{c1999effects,
  title={Effects of age, working hours, and job content on sleep: a pilot study},
  author={C. Marquie, J. Foret, Y. Queinnec, J},
  journal={Experimental aging research},
  volume={25},
  number={4},
  pages={421--427},
  year={1999},
  publisher={Taylor \& Francis}
}

@article{polo1999climacteric,
  title={Climacteric symptoms and sleep quality},
  author={Polo-Kantola, P{\"a}ivi and Erkkola, Risto and Irjala, Kerttu and Helenius, Hans and Pullinen, Sirkku and Polo, Olli},
  journal={Climacteric},
  volume={2},
  number={4},
  pages={293--294},
  year={1999},
  publisher={Informa UK Ltd UK}
}

@inproceedings{larson2012spirosmart,
  title={Spirosmart: Using a microphone to measure lung function on a mobile phone},
  author={Larson, Eric C and Goel, Mayank and Boriello, Gaetano and Heltshe, Sonya and Rosenfeld, Margaret and Patel, Shwetak N},
  booktitle={Proceedings of the 2012 ACM Conference on Ubiquitous Computing},
  pages={280--289},
  year={2012},
  organization={ACM}
}

@article{skajaa2010limited,
  title={Limited memory BFGS for nonsmooth optimization},
  author={Skajaa, Anders},
  journal={Master's thesis},
  year={2010}
}


@MISC{SleepAsAndroid,
  title = {{Sleep As Android}},
  note = {\url{https://play.google.com/store/apps/details?id=com.urbandroid.sleep&hl=zh_EN}},
  key = {SleepAsAndroid}
}

@MISC{JawboneUpsize,
  title = {{Jawbone Up review: An easy-to-wear and insightful fitness pal}},
  note = {\url{http://www.cnet.com/products/jawbone-up/}},
  key = {Jawbone Up}
}

@MISC{Jawbone,
  title = {{Jawbone Up}},
  note = {\url{https://jawbone.com/up}},
  key = {Jawbone}
}

@MISC{Polysomnography,
  title = {{Polysomnography}},
  note = {\url{http://en.wikipedia.org/wiki/Polysomnography}},
  key = {Polysomnography}
}

@MISC{SleepWiki,
  title = {{Sleep}},
  note = {\url{http://en.wikipedia.org/wiki/Sleep}},
  key = {SleepWiki}
}

@MISC{Actigraphy,
  title = {{Actigraphy}},
  note = {\url{http://en.wikipedia.org/wiki/Actigraphy}},
  key = {Actigraphy}
}

@MISC{Zeo,
  title = {{Zeo Sleep Manager Pro}},
  note = {\url{http://www.digifit.com/Zeo/}},
  key = {Zeo}
}
@MISC{ZeoScore,
  title = {{What’s Your Bulletproof ZQ Score? The Zeo Hack Every Sleep Hacker Needs To Know}},
  note = {\url{http://www.bulletproofexec.com/zeo-hack/}},
  key = {ZeoScore}
}

@inproceedings{hao2013isleep,
  title={iSleep: unobtrusive sleep quality monitoring using smartphones},
  author={Hao, Tian and Xing, Guoliang and Zhou, Gang},
  booktitle={Proceedings of the 11th ACM Conference on Embedded Networked Sensor Systems},
  pages={4},
  year={2013},
  organization={ACM}
}

@inproceedings{lu2009soundsense,
  title={SoundSense: scalable sound sensing for people-centric applications on mobile phones},
  author={Lu, Hong and Pan, Wei and Lane, Nicholas D and Choudhury, Tanzeem and Campbell, Andrew T},
  booktitle={Proceedings of the 7th international conference on Mobile systems, applications, and services},
  pages={165--178},
  year={2009},
  organization={ACM}
}

@article{kedem1986spectral,
  title={Spectral analysis and discrimination by zero-crossings},
  author={Kedem, Benjamin},
  journal={Proceedings of the IEEE},
  volume={74},
  number={11},
  pages={1477--1493},
  year={1986},
  publisher={IEEE}
}

@article{langkvist2012sleep,
  title={Sleep stage classification using unsupervised feature learning},
  author={L{\"a}ngkvist, Martin and Karlsson, Lars and Loutfi, Amy},
  journal={Advances in Artificial Neural Systems},
  volume={2012},
  pages={5},
  year={2012},
  publisher={Hindawi Publishing Corp.}
}

@article{oropesa1999sleep,
  title={Sleep stage classification using wavelet transform and neural network},
  author={Oropesa, Edgar and Cycon, Hans L and Jobert, Marc},
  journal={International computer science institute},
  year={1999}
}

@inproceedings{ebrahimi2008automatic,
  title={Automatic sleep stage classification based on EEG signals by using neural networks and wavelet packet coefficients},
  author={Ebrahimi, Farideh and Mikaeili, Mohammad and Estrada, Edson and Nazeran, Homer},
  booktitle={Engineering in Medicine and Biology Society, 2008. EMBS 2008. 30th Annual International Conference of the IEEE},
  pages={1151--1154},
  year={2008},
  organization={IEEE}
}

@inproceedings{zhang2013real,
  title={A real-time auto-adjustable smart pillow system for sleep apnea detection and treatment},
  author={Zhang, Jin and Zhang, Qian and Wang, Yuanpeng and Qiu, Chen},
  booktitle={Proceedings of the 12th international conference on Information processing in sensor networks},
  pages={179--190},
  year={2013},
  organization={ACM}
}

@inproceedings{bai2012will,
  title={Will you have a good sleep tonight?: sleep quality prediction with mobile phone},
  author={Bai, Yin and Xu, Bin and Ma, Yuanchao and Sun, Guodong and Zhao, Yu},
  booktitle={Proceedings of the 7th International Conference on Body Area Networks},
  pages={124--130},
  year={2012},
  organization={ICST (Institute for Computer Sciences, Social-Informatics and Telecommunications Engineering)}
}

@inproceedings{rofouei2011non,
  title={A non-invasive wearable neck-cuff system for real-time sleep monitoring},
  author={Rofouei, Mahsan and Sinclair, Mike and Bittner, Ray and Blank, Tom and Saw, Nick and DeJean, Gerald and Heffron, Jeff},
  booktitle={Body Sensor Networks (BSN), 2011 International Conference on},
  pages={156--161},
  year={2011},
  organization={IEEE}
}

@inproceedings{scheirer1997construction,
  title={Construction and evaluation of a robust multifeature speech/music discriminator},
  author={Scheirer, Eric and Slaney, Malcolm},
  booktitle={Acoustics, Speech, and Signal Processing, 1997. ICASSP-97., 1997 IEEE International Conference on},
  volume={2},
  pages={1331--1334},
  year={1997},
  organization={IEEE}
}

@article{li2001classification,
  title={Classification of general audio data for content-based retrieval},
  author={Li, Dongge and Sethi, Ishwar K and Dimitrova, Nevenka and McGee, Tom},
  journal={Pattern recognition letters},
  volume={22},
  number={5},
  pages={533--544},
  year={2001},
  publisher={Elsevier}
}

@article{ancoli2003role,
  title={The role of actigraphy in the study of sleep and circadian rhythms. American Academy of Sleep Medicine Review Paper},
  author={Ancoli-Israel, S and Cole, R and Alessi, C and Chambers, M and Moorcroft, W and Pollak, C},
  journal={Sleep},
  volume={26},
  number={3},
  pages={342--392},
  year={2003}
}

@article{ancoli2003role,
  title={The role of actigraphy in the study of sleep and circadian rhythms. American Academy of Sleep Medicine Review Paper},
  author={Ancoli-Israel, S and Cole, R and Alessi, C and Chambers, M and Moorcroft, W and Pollak, C},
  journal={Sleep},
  volume={26},
  number={3},
  pages={342--392},
  year={2003}
}

@article{jean2000sleep,
  title={Sleep duration, illumination, and activity patterns in a population sample: effects of gender and ethnicity},
  author={Jean-Louis, Girardin and Kripke, Daniel F and Ancoli-Israel, Sonia and Klauber, Melville R and Sepulveda, Raul S},
  journal={Biological psychiatry},
  volume={47},
  number={10},
  pages={921--927},
  year={2000},
  publisher={Elsevier}
}

@article{lafferty2001conditional,
  title={Conditional random fields: Probabilistic models for segmenting and labeling sequence data},
  author={Lafferty, John and McCallum, Andrew and Pereira, Fernando CN},
  year={2001}
}

@article{fosler2013conditional,
  title={Conditional Random Fields in Speech, Audio, and Language Processing},
  author={Fosler-Lussier, Eric and He, Yanzhang and Jyothi, Preethi and Prabhavalkar, Rohit},
  journal={Proceedings of the IEEE},
  volume={101},
  number={5},
  pages={1054--1075},
  year={2013},
  publisher={IEEE}
}

@article{myung2003tutorial,
  title={Tutorial on maximum likelihood estimation},
  author={Myung, In Jae},
  journal={Journal of Mathematical Psychology},
  volume={47},
  number={1},
  pages={90--100},
  year={2003},
  publisher={Elsevier}
}

@article{forney1973viterbi,
  title={The viterbi algorithm},
  author={Forney Jr, G David},
  journal={Proceedings of the IEEE},
  volume={61},
  number={3},
  pages={268--278},
  year={1973},
  publisher={IEEE}
}

@book{beloved2011meditation,
  title={Meditation Pictorial},
  author={Beloved, Michael},
  year={2011},
  publisher={Michael Beloved}
}

@incollection{prf1,
  title={A probabilistic interpretation of precision, recall and F-score, with implication for evaluation},
  author={Goutte, Cyril and Gaussier, Eric},
  booktitle={Advances in information retrieval},
  pages={345--359},
  year={2005},
  publisher={Springer}
}

@inproceedings{hoque2010monitoring,
  title={Monitoring body positions and movements during sleep using wisps},
  author={Hoque, Enamul and Dickerson, Robert F and Stankovic, John A},
  booktitle={Wireless Health 2010},
  pages={44--53},
  year={2010},
  organization={ACM}
}

@book{sleepage,
  title={Epidemiology of sleep: Age, gender, and ethnicity},
  author={Lichstein, Kenneth L and Durrence, H Heith and Riedel, Brant W and Taylor, Daniel J and Bush, Andrew J},
  year={2004},
  publisher={Psychology Press}
}


@inproceedings{Soundwork1,
  title={Real-time discrimination of broadcast speech/music},
  author={Saunders, John},
  booktitle={Acoustics, Speech, and Signal Processing, 1996. ICASSP-96 Vol 2. Conference Proceedings., 1996 IEEE International Conference on},
  volume={2},
  number={2},
  pages={993--996},
  year={1996},
  organization={IEEE}
}


@inproceedings{Soundwork2,
  title={Construction and evaluation of a robust multifeature speech/music discriminator},
  author={Scheirer, Eric and Slaney, Malcolm},
  booktitle={Acoustics, Speech, and Signal Processing, 1997. ICASSP-97., 1997 IEEE International Conference on},
  volume={2},
  pages={1331--1334},
  year={1997},
  organization={IEEE}
}

@misc{SVM,
  title={Introduction to support vector machines},
  author={Boswell, Dustin},
  year={2002},
  publisher={August}
}

@article{PSQI,
  title={Psychometric evaluation of the Pittsburgh sleep quality index},
  author={Carpenter, Janet S and Andrykowski, Michael A},
  journal={Journal of psychosomatic research},
  volume={45},
  number={1},
  pages={5--13},
  year={1998},
  publisher={Elsevier}
}

@article{shambroom2012validation,
  title={Validation of an automated wireless system to monitor sleep in healthy adults},
  author={Shambroom, John R and Fabregas, Stephan E and Johnstone, Jack},
  journal={Journal of Sleep Research},
  volume={21},
  number={2},
  pages={221--230},
  year={2012},
  publisher={Wiley Online Library}
}

@inproceedings{kohavi1995study,
  title={A study of cross-validation and bootstrap for accuracy estimation and model selection},
  author={Kohavi, Ron and others},
  booktitle={IJCAI},
  volume={14},
  number={2},
  pages={1137--1145},
  year={1995}
}

@inproceedings{kay2012lullaby,
  title={Lullaby: a capture \& access system for understanding the sleep environment},
  author={Kay, Matthew and Choe, Eun Kyoung and Shepherd, Jesse and Greenstein, Benjamin and Watson, Nathaniel and Consolvo, Sunny and Kientz, Julie A},
  booktitle={Proceedings of the 2012 ACM Conference on Ubiquitous Computing},
  pages={226--234},
  year={2012},
  organization={ACM}
}

@article{ohayon2004meta,
  title={Meta-analysis of quantitative sleep parameters from childhood to old age in healthy individuals: developing normative sleep values across the human lifespan},
  author={Ohayon, Maurice M and Carskadon, Mary A and Guilleminault, Christian and Vitiello, Michael V},
  journal={SLEEP-NEW YORK THEN WESTCHESTER-},
  volume={27},
  pages={1255--1274},
  year={2004},
  publisher={American Academy of Sleep Medicine; 1999}
}

@article{carskadon2000normal,
  title={Normal human sleep: an overview},
  author={Carskadon, Mary A and Dement, William C and others},
  journal={Principles and practice of sleep medicine},
  volume={4},
  pages={13--23},
  year={2000},
  publisher={WB Saunders Company, Philidelphia, PA}
}

@inproceedings{choe2011opportunities,
  title={Opportunities for computing technologies to support healthy sleep behaviors},
  author={Choe, Eun Kyoung and Consolvo, Sunny and Watson, Nathaniel F and Kientz, Julie A},
  booktitle={Proceedings of the SIGCHI Conference on Human Factors in Computing Systems},
  pages={3053--3062},
  year={2011},
  organization={ACM}
}

@inproceedings{bauer2012shuteye,
  title={ShutEye: encouraging awareness of healthy sleep recommendations with a mobile, peripheral display},
  author={Bauer, Jared S and Consolvo, Sunny and Greenstein, Benjamin and Schooler, Jonathan and Wu, Eric and Watson, Nathaniel F and Kientz, Julie},
  booktitle={Proceedings of the SIGCHI conference on Human factors in computing systems},
  pages={1401--1410},
  year={2012},
  organization={ACM}
}

@inproceedings{chen2013unobtrusive,
  title={Unobtrusive sleep monitoring using smartphones},
  author={Chen, Zhenyu and Lin, Mu and Chen, Fanglin and Lane, Nicholas D and Cardone, Giuseppe and Wang, Rui and Li, Tianxing and Chen, Yiqiang and Choudhury, Tanzeem and Campbell, Andrew T},
  booktitle={Pervasive Computing Technologies for Healthcare (PervasiveHealth), 2013 7th International Conference on},
  pages={145--152},
  year={2013},
  organization={IEEE}
}


@article{ayas2003prospective,
  title={A prospective study of sleep duration and coronary heart disease in women},
  author={Ayas, Najib T and White, David P and Manson, JoAnn E and Stampfer, Meir J and Speizer, Frank E and Malhotra, Atul and Hu, Frank B},
  journal={Archives of Internal Medicine},
  volume={163},
  number={2},
  pages={205--209},
  year={2003},
  publisher={American Medical Association}
}


@article{kripke2002mortality,
  title={Mortality associated with sleep duration and insomnia},
  author={Kripke, Daniel F and Garfinkel, Lawrence and Wingard, Deborah L and Klauber, Melville R and Marler, Matthew R},
  journal={Archives of general psychiatry},
  volume={59},
  number={2},
  pages={131--136},
  year={2002},
  publisher={American Medical Association}
}


@article{drake2003insomnia,
  title={Insomnia causes, consequences, and therapeutics: an overview},
  author={Drake, Christopher L and Roehrs, Timothy and Roth, Thomas},
  journal={Depression and anxiety},
  volume={18},
  number={4},
  pages={163--176},
  year={2003},
  publisher={Wiley Online Library}
}

@article{gottlieb2005association,
  title={Association of sleep time with diabetes mellitus and impaired glucose tolerance},
  author={Gottlieb, Daniel J and Punjabi, Naresh M and Newman, Ann B and Resnick, Helaine E and Redline, Susan and Baldwin, Carol M and Nieto, F Javier},
  journal={Archives of internal medicine},
  volume={165},
  number={8},
  pages={863--867},
  year={2005},
  publisher={American Medical Association}
}

@article{livingston1993does,
  title={Does sleep disturbance predict depression in elderly people? A study in inner London.},
  author={Livingston, G and Blizard, B and Mann, A1},
  journal={British Journal of General Practice},
  volume={43},
  number={376},
  pages={445--448},
  year={1993},
  publisher={British Journal of General Practice}
}

@article{vgontzas2009insomnia,
  title={Insomnia With Objective Short Sleep Duration Is Associated With Type 2 Diabetes A population-based study},
  author={Vgontzas, Alexandros N and Liao, Duanping and Pejovic, Slobodanka and Calhoun, Susan and Karataraki, Maria and Bixler, Edward O},
  journal={Diabetes Care},
  volume={32},
  number={11},
  pages={1980--1985},
  year={2009},
  publisher={Am Diabetes Assoc}
}

@inproceedings{kim2008you,
  title={Are you sleeping?: sharing portrayed sleeping status within a social network},
  author={Kim, Sunyoung and Kientz, Julie A and Patel, Shwetak N and Abowd, Gregory D},
  booktitle={Proceedings of the 2008 ACM conference on Computer supported cooperative work},
  pages={619--628},
  year={2008},
  organization={ACM}
}

@incollection{aliakseyeu2011exploring,
  title={Exploring interaction strategies in the context of sleep},
  author={Aliakseyeu, Dzmitry and Du, Jia and Zwartkruis-Pelgrim, Elly and Subramanian, Sriram},
  booktitle={Human-Computer Interaction--INTERACT 2011},
  pages={19--36},
  year={2011},
  publisher={Springer}
}

@MISC{SleepJournal,
  title = {{Sleep Journal App}},
  note = {\url{http://sleeptrackerapp.blogspot.com/}},

}

@MISC{YawnLog,
  title = {{YawnLog}},
  note = {\url{http://beta.yawnlog.com}},
}

@MISC{FitBit,
  title = {{FitBit}},
  note = {\url{http://www.fitbit.com}},
}


@MISC{WakeMate,
  title = {{WakeMate}},
  note = {\url{http://www.wakemate.com}},
}




@inproceedings{chen2014sensor,
  title={Sensor-Assisted Facial Recognition: An Enhanced Bio-metric Authentication System for Smartphones},
  author={Chen, Shaxun and Pande, Amit and Mohapatra, Prasant},
  booktitle={Proceedings of the 12th annual international conference on Mobile systems, applications, and services},
  pages={109--122},
  year={2014},
  organization={ACM}
}

@inproceedings{likamwa2013moodscope,
  title={Moodscope: building a mood sensor from smartphone usage patterns},
  author={LiKamWa, Robert and Liu, Yunxin and Lane, Nicholas D and Zhong, Lin},
  booktitle={Proceeding of the 11th annual international conference on Mobile systems, applications, and services},
  pages={389--402},
  year={2013},
  organization={ACM}
}

@inproceedings{roy2014smartphone,
  title={I am a Smartphone and I can Tell my User’s Walking Direction},
  author={Roy, Nirupam and Wang, He and Choudhury, R Roy},
  booktitle={Proceedings of the 12th international conference on Mobile systems, applications, and services, ACM},
  year={2014}
}

@inproceedings{chu2014smartphone,
  title={I am a smartphone and I know my user is driving.},
  author={Chu, Hon Lung and Raman, Vijay and Shen, Jeffrey and Kansal, Aman and Bahl, Victor and Choudhury, Romit Roy},
  booktitle={COMSNETS},
  pages={1--8},
  year={2014}
}

@inproceedings{wang2014tracking,
  title={Tracking human queues using single-point signal monitoring},
  author={Wang, Yan and Yang, Jie and Chen, Yingying and Liu, Hongbo and Gruteser, Marco and Martin, Richard P},
  booktitle={Proceedings of the 12th annual international conference on Mobile systems, applications, and services},
  pages={42--54},
  year={2014},
  organization={ACM}
}

@article{nawaz2014mining,
  title={Mining Users' Significant Driving Routes with Low-power Sensors},
  author={Nawaz, Sarfraz and Mascolo, Cecilia},
  journal={arXiv preprint arXiv:1409.2264},
  year={2014}
}

@article{carskadon2000monitoring,
  title={Monitoring and staging human sleep},
  author={Carskadon, Mary A and Rechtschaffen, Allan},
  journal={Principles and practice of sleep medicine},
  volume={3},
  pages={1359--1377},
  year={2000},
  publisher={WB Saunders Company Philadelphia}
}

@article{lovellnormal,
  title={NORMAL SLEEP PATTERNS},
  author={Lovell, Kathryn and Liszewski, Christine}
}

@article{rabiner1986introduction,
  title={An introduction to hidden Markov models},
  author={Rabiner, Lawrence and Juang, Biing-Hwang},
  journal={ASSP Magazine, IEEE},
  volume={3},
  number={1},
  pages={4--16},
  year={1986},
  publisher={IEEE}
}

@article{overfit,
  title={The problem of overfitting},
  author={Hawkins, Douglas M},
  journal={Journal of chemical information and computer sciences},
  volume={44},
  number={1},
  pages={1--12},
  year={2004},
  publisher={ACS Publications}
}

@inproceedings{gu2014intelligent,
  title={Intelligent sleep stage mining service with smartphones},
  author={Gu, Weixi and Yang, Zheng and Shangguan, Longfei and Sun, Wei and Jin, Kun and Liu, Yunhao},
  booktitle={Proceedings of the 2014 ACM International Joint Conference on Pervasive and Ubiquitous Computing},
  pages={649--660},
  year={2014},
  organization={ACM}
}

@article{zainuddin2009neural,
  title={A neural network approach in predicting the blood glucose level for diabetic patients},
  author={Zainuddin, Zarita and Pauline, Ong and Ardil, Cemal},
  journal={Int J Comput Intell},
  volume={5},
  number={1},
  pages={72--79},
  year={2009}
}

@article{lynn2002variation,
  title={Variation in the calpain-10 gene affects blood glucose levels in the British population},
  author={Lynn, Stephen and Evans, Julie C and White, Christopher and Frayling, Timothy M and Hattersley, Andrew T and Turnbull, Doug M and Horikawa, Yukio and Cox, Nancy J and Bell, Graeme I and Walker, Mark},
  journal={Diabetes},
  volume={51},
  number={1},
  pages={247--250},
  year={2002},
  publisher={Am Diabetes Assoc}
}

@article{bayat2014study,
  title={A study on human activity recognition using accelerometer data from smartphones},
  author={Bayat, Akram and Pomplun, Marc and Tran, Duc A},
  journal={Procedia Computer Science},
  volume={34},
  pages={450--457},
  year={2014},
  publisher={Elsevier}
}

@article{wallach2004conditional,
  title={Conditional random fields: An introduction},
  author={Wallach, Hanna M},
  year={2004}
}

@article{eddy1996hidden,
  title={Hidden markov models},
  author={Eddy, Sean R},
  journal={Current opinion in structural biology},
  volume={6},
  number={3},
  pages={361--365},
  year={1996},
  publisher={Elsevier}
}

@article{furey2000support,
  title={Support vector machine classification and validation of cancer tissue samples using microarray expression data},
  author={Furey, Terrence S and Cristianini, Nello and Duffy, Nigel and Bednarski, David W and Schummer, Michel and Haussler, David},
  journal={Bioinformatics},
  volume={16},
  number={10},
  pages={906--914},
  year={2000},
  publisher={Oxford Univ Press}
}

@article{bib:kwapisz2011activity,
  title={Activity recognition using cell phone accelerometers},
  author={Kwapisz, Jennifer R and Weiss, Gary M and Moore, Samuel A},
  journal={ACM SigKDD Explorations Newsletter},
  volume={12},
  number={2},
  pages={74--82},
  year={2011},
  publisher={ACM}
}
<<<<<<< HEAD

@inproceedings{bib:zhan2012accurate,
  title={Accurate caloric expenditure of bicyclists using cellphones},
  author={Zhan, Andong and Chang, Marcus and Chen, Yin and Terzis, Andreas},
  booktitle={Proceedings of the 10th ACM Conference on Embedded Network Sensor Systems},
  pages={71--84},
  year={2012},
  organization={ACM}
}

@inproceedings{bib:zhan2012accurate,
  title={Accurate caloric expenditure of bicyclists using cellphones},
  author={Zhan, Andong and Chang, Marcus and Chen, Yin and Terzis, Andreas},
  booktitle={Proceedings of the 10th ACM Conference on Embedded Network Sensor Systems},
  pages={71--84},
  year={2012},
  organization={ACM}
}


@article{bib:carblist,
  title={Diabetes: Carbohydrate Food List},
  note = {\url{http://www.med.umich.edu/1libr/MEND/CarbList.pdf}},
}



@inproceedings{bib:gu2014intelligent,
  title={Intelligent sleep stage mining service with smartphones},
  author={Gu, Weixi and Yang, Zheng and Shangguan, Longfei and Sun, Wei and Jin, Kun and Liu, Yunhao},
  booktitle={Proceedings of the 2014 ACM International Joint Conference on Pervasive and Ubiquitous Computing},
  pages={649--660},
  year={2014},
  organization={ACM}
}

@article{bib:CGM_wiki,
  title={Blood glucose monitoring},
  note = {\url{https://en.wikipedia.org/wiki/Blood_glucose_monitoring}},
}

@book{bib:duke2010intelligent,
  title={Intelligent diabetes assistant: A telemedicine system for modeling and managing blood glucose},
  author={Duke, David L},
  year={2010},
  publisher={CARNEGIE MELLON UNIVERSITY}
}



@inproceedings{bib:simpson1978genetics,
  title={Genetics of diabetes mellitus (DM) and anomalies in offspring of diabetic mothers.},
  author={Simpson, JL},
  booktitle={Seminars in perinatology},
  volume={2},
  number={4},
  pages={383},
  year={1978}
}

@article{bib:diabetes_co_uk,
  title={Diabetes and Genetics},
  note = {\url{http://www.diabetes.co.uk/diabetes-and-genetics.html}}
}

@article{bib:rotter1984genetics,
  title={Genetics, diabetes mellitus heterogeneity, and coronary heart disease.},
  author={Rotter, Jerome I and Vadheim, Constance M and Raffel, Leslie J and Rimoin, David L},
  journal={Progress in clinical and biological research},
  volume={147},
  pages={445},
  year={1984}
}

@article{bib:concannon2009genetics,
  title={Genetics of type 1A diabetes},
  author={Concannon, Patrick and Rich, Stephen S and Nepom, Gerald T},
  journal={New England Journal of Medicine},
  volume={360},
  number={16},
  pages={1646--1654},
  year={2009},
  publisher={Mass Medical Soc}
}


@article{bib:salopuro2004common,
  title={Common variants in beta2-and beta3-adrenergic receptor genes and uncoupling protein 1 as predictors of the risk for type 2 diabetes and body weight changes. The Finnish Diabetes Prevention Study.},
  author={Salopuro, Titta and Lindstr{\"o}m, Jaana and Eriksson, Johan G and Valle, Timo T and H{\"a}m{\"a}l{\"a}inen, Helena and Ilanne-Parikka, Pirjo and Kein{\"a}nen-Kiukaanniemi, Sirkka and Tuomilehto, Jaakko and Laakso, Markku and Uusitupa, Matti},
  journal={Clinical genetics},
  volume={66},
  number={4},
  pages={365},
  year={2004}
}

@article{bib:scheen1998roles,
  title={The roles of time of day and sleep quality in modulating glucose regulation: clinical implications},
  author={Scheen, Andr\&eacute J and Van Cauter, Eve},
  journal={Hormone Research in Paediatrics},
  volume={49},
  number={3-4},
  pages={191--201},
  year={1998},
  publisher={Karger Publishers}
}

@article{bib:scheen1996relationships,
  title={Relationships between sleep quality and glucose regulation in normal humans},
  author={Scheen, ANDRE J and Byrne, MARIA M and Plat, Laurence and Leproult, Rachel and Van Cauter, Eve},
  journal={American Journal of Physiology-Endocrinology And Metabolism},
  volume={271},
  number={2},
  pages={E261--E270},
  year={1996},
  publisher={Am Physiological Soc}
}
@article{bib:spiegel2005sleep,
  title={Sleep loss: a novel risk factor for insulin resistance and Type 2 diabetes},
  author={Spiegel, Karine and Knutson, Kristen and Leproult, Rachel and Tasali, Esra and Van Cauter, Eve},
  journal={Journal of applied physiology},
  volume={99},
  number={5},
  pages={2008--2019},
  year={2005},
  publisher={Am Physiological Soc}
}
@article{bib:punjabi2002sleep,
  title={Sleep-disordered breathing and insulin resistance in middle-aged and overweight men},
  author={Punjabi, Naresh M and Sorkin, John D and Katzel, Leslie I and Goldberg, Andrew P and Schwartz, Alan R and Smith, Philip L},
  journal={American journal of respiratory and critical care medicine},
  volume={165},
  number={5},
  pages={677--682},
  year={2002},
  publisher={Am Thoracic Soc}
}

@article{bib:knutson2006role,
  title={Role of sleep duration and quality in the risk and severity of type 2 diabetes mellitus},
  author={Knutson, Kristen L and Ryden, Armand M and Mander, Bryce A and Van Cauter, Eve},
  journal={Archives of internal medicine},
  volume={166},
  number={16},
  pages={1768--1774},
  year={2006},
  publisher={American Medical Association}
}

@article{bib:eurich2007benefits,
  title={Benefits and harms of antidiabetic agents in patients with diabetes and heart failure: systematic review},
  author={Eurich, Dean T and McAlister, Finlay A and Blackburn, David F and Majumdar, Sumit R and Tsuyuki, Ross T and Varney, Janice and Johnson, Jeffrey A},
  journal={Bmj},
  volume={335},
  number={7618},
  pages={497},
  year={2007},
  publisher={British Medical Journal Publishing Group}
}

@article{bib:jung2006antidiabetic,
  title={Antidiabetic agents from medicinal plants},
  author={Jung, Mankil and Park, Moonsoo and Lee, Hyun C and Kang, Yoon-Ho and Kang, Eun S and Kim, Sang K},
  journal={Current medicinal chemistry},
  volume={13},
  number={10},
  pages={1203--1218},
  year={2006},
  publisher={Bentham Science Publishers}
}
@article{bib:patel2012overview,
  title={An overview on antidiabetic medicinal plants having insulin mimetic property},
  author={Patel, DK and Prasad, SK and Kumar, R and Hemalatha, S},
  journal={Asian Pacific journal of tropical biomedicine},
  volume={2},
  number={4},
  pages={320--330},
  year={2012},
  publisher={Elsevier}
}

@article{bib:druglist,
  title={Oral Diabetes Medications Summary Chart},
  note = {\url{http://www.joslin.org/info/oral_diabetes_medications_summary_chart.html}},
}

@article{bib:bolen2007systematic,
  title={Systematic review: comparative effectiveness and safety of oral medications for type 2 diabetes mellitus},
  author={Bolen, Shari and Feldman, Leonard and Vassy, Jason and Wilson, Lisa and Yeh, Hsin-Chieh and Marinopoulos, Spyridon and Wiley, Crystal and Selvin, Elizabeth and Wilson, Renee and Bass, Eric B and others},
  journal={Annals of internal medicine},
  volume={147},
  number={6},
  pages={386--399},
  year={2007},
  publisher={Am Coll Physicians}
}

@article{bib:bennett2011oral,
  title={Oral diabetes medications for adults with type 2 diabetes: an update},
  author={Bennett, Wendy L and Wilson, Lisa M and Bolen, Shari and Maruthur, Nisa and Singh, Sonal and Chatterjee, Ranee and Marinopoulos, Spyridon S and Puhan, Milo A and Ranasinghe, Padmini and Nicholson, Wanda K and others},
  year={2011},
  publisher={Agency for Healthcare Research and Quality (US)}
}

@article{bib:insulinlist,
  title={Insulin A to Z: A Guide on Different Types of Insulin},
  note = {\url{http://www.joslin.org/info/insulin_a_to_z_a_guide_on_different_types_of_insulin.html}},
}
@article{bib:mcnab1997utility,
  title={On the utility of uniformity in the definition of basal rate of metabolism},
  author={McNab, Brian K},
  journal={Physiological Zoology},
  volume={70},
  number={6},
  pages={718--720},
  year={1997},
  publisher={The University of Chicago Press}
}

@article{bib:ainsworth2000compendium,
  title={Compendium of physical activities: an update of activity codes and MET intensities},
  author={Ainsworth, Barbara E and Haskell, William L and Whitt, Melicia C and Irwin, Melinda L and Swartz, Ann M and Strath, Scott J and O Brien, WILLIAM L and Bassett, David R and Schmitz, Kathryn H and Emplaincourt, Patricia O and others},
  journal={Medicine and science in sports and exercise},
  volume={32},
  number={9; SUPP/1},
  pages={S498--S504},
  year={2000},
  publisher={WILLIAMS \& WILKINS}
}


@article{bib:shapesense,
  title={SHAPESENSE-INTELLIGENT FITNESS},
  note = {\url{http://www.shapesense.com/}},
}

@article{bib:HealthStatus,
  title={Calories Burned Calculator,
  note = {\url{https://www.healthstatus.com/calculate/cbc}},
}

@article{bib:CalorieCounter,
  title={Calorie Counter - MyFitnessPal,
  note = {\url{https://play.google.com/store/apps/details?id=com.myfitnesspal.android&hl=en}},
}

@article{bib:briegel2002nonlinear,
  title={A Nonlinear State Space Model for the Blood Glucose Metabolism of a Diabetic (Ein nichtlineares Zustandsraummodell f{\"u}r den Blutglukosemetabolismus eines Diabetikers)},
  author={Briegel, Thomas and Tresp, Volker},
  journal={at-Automatisierungstechnik Methoden und Anwendungen der Steuerungs-, Regelungs-und Informationstechnik},
  volume={50},
  number={5/2002},
  pages={228},
  year={2002}
}
@book{bib:duke2010intelligent,
  title={Intelligent diabetes assistant: A telemedicine system for modeling and managing blood glucose},
  author={Duke, David L},
  year={2010},
  publisher={CARNEGIE MELLON UNIVERSITY}
}
@article{bib:plis2014machine,
  title={A machine learning approach to predicting blood glucose levels for diabetes management},
  author={Plis, Kevin and Bunescu, Razvan and Marling, Cindy and Shubrook, Jay and Schwartz, Frank},
  journal={Modern Artificial Intelligence for Health Analytics. Papers from the AAAI-14},
  year={2014}
}


@article{bib:lowry1992multivariate,
  title={A multivariate exponentially weighted moving average control chart},
  author={Lowry, Cynthia A and Woodall, William H and Champ, Charles W and Rigdon, Steven E},
  journal={Technometrics},
  volume={34},
  number={1},
  pages={46--53},
  year={1992},
  publisher={Taylor \& Francis}
}

@article{bib:cma,
  title={Moving average,
  note = {\url{https://en.wikipedia.org/wiki/Moving_average}},
}
@article{bib:KNN,
  title={An introduction to kernel and nearest-neighbor nonparametric regression},
  author={Altman, Naomi S},
  journal={The American Statistician},
  volume={46},
  number={3},
  pages={175--185},
  year={1992},
  publisher={Taylor \& Francis}
}
